<?xml version="1.0" encoding="UTF-8"?><collection xmlns="http://www.loc.gov/MARC21/slim"><record><leader>00474nam--2200169-i-4500</leader><controlfield tag="001">000007989</controlfield><controlfield tag="002">20161230</controlfield><controlfield tag="005">20161230201027</controlfield><controlfield tag="008">060222s1000------------r-----000-0-eng-d</controlfield><datafield ind1=" " ind2=" " tag="040"><subfield code="a">IFIN-HH</subfield></datafield><datafield ind1=" " ind2=" " tag="080"><subfield code="a">539.23</subfield></datafield><datafield ind1="1" ind2=" " tag="110"><subfield code="a">Institut Fur Magnetische Werkstoffe</subfield></datafield><datafield ind1="1" ind2="0" tag="245"><subfield code="a">Jena 1966</subfield><subfield code="b">International colloquium on magnetic thin films jena, 25-28 april 1966</subfield></datafield><datafield ind1=" " ind2=" " tag="260"><subfield code="a">Jena</subfield><subfield code="b">Wiley</subfield><subfield code="c">1966</subfield></datafield><datafield ind1=" " ind2=" " tag="300"><subfield code="a">/PAG.DIF.</subfield></datafield><datafield ind1=" " ind2=" " tag="852"><subfield code="a">27140</subfield><subfield code="c">539.23</subfield></datafield><datafield ind1=" " ind2=" " tag="CAT"><subfield code="a">Sys</subfield><subfield code="c">20121214</subfield><subfield code="h">140015</subfield></datafield></record></collection>